@misc{crowdstrike2024falcon,
  author = {CrowdStrike},
  title  = {Technical Details: Falcon Content Update for Windows Hosts},
  year   = {2024},
  url    = {https://www.crowdstrike.com/en-us/blog/falcon-update-for-windows-hosts-technical-details/?utm_source=chatgpt.com},
  note   = {Executive Viewpoint, published on July 20, 2024}
}

@article{kerner_crowdstrike_outage_2024,
  author  = {Sean Michael Kerner},
  title   = {CrowdStrike outage explained: What caused it and what’s next},
  journal = {TechTarget},
  year    = {2024},
  month   = {October},
  day     = {29},
  url     = {https://www.techtarget.com/article/crowdstrike-outage-2024}
}

@article{tidy_crowdstrike_outage_2024,
  author  = {Joe Tidy},
  title   = {CrowdStrike IT outage affected 8.5 million Windows devices, Microsoft says},
  journal = {BBC News},
  year    = {2024},
  month   = {July},
  day     = {20},
  url     = {https://www.bbc.com/news/articles/cpe3zgznwjno}
}

@article{volenik_crowdstrike_ceo_2024,
  author  = {Adrian Volenik},
  title   = {CrowdStrike CEO Was Working For McAfee In 2010 When There Was A Global Tech Outage Too},
  journal = {The Verge},
  year    = {2024},
  month   = {July},
  day     = {25},
  note    = {4 min read},
  url     = {https://www.theverge.com/2024/7/19/24201834/crowdstrike-ceo-were-deeply-sorry-for-the-impact-weve-caused?utm_source=chatgpt.com},
  note    = {Accessed: November 30, 2024}
}

@article{sato_crowdstrike_ceo_2024,
  author  = {Mia Sato},
  title   = {CrowdStrike CEO Was Working For McAfee In 2010 When There Was A Global Tech Outage Too},
  journal = {The Verge},
  year    = {2024},
  month   = {July},
  day     = {19},
  note    = {Posted at 9:33 AM EDT, 9 Comments, 9 New},
  url     = {https://www.theverge.com/2024/7/19/24201834/crowdstrike-ceo-were-deeply-sorry-for-the-impact-weve-caused?utm_source=chatgpt.com},
  note    = {Accessed: November 30, 2024}
}

@misc{crowdstrike_channel_file_291_2024,
  author       = {CrowdStrike},
  title        = {Channel File 291 Incident - Remediation and Guidance Hub},
  howpublished = {\url{https://www.crowdstrike.com/falcon-content-update-remediation-and-guidance-hub/}},
  year         = {2024},
  month        = {August},
  day          = {6},
  note         = {Page last updated 2024-08-06 2119 UTC},
  url          = {https://www.crowdstrike.com/falcon-content-update-remediation-and-guidance-hub/},
  note         = {Accessed: November 30, 2024}
}

@misc{ibm_endpoint_security,
  author       = {IBM},
  title        = {What is endpoint security?},
  howpublished = {\url{https://www.ibm.com/topics/endpoint-security}},
  note         = {Accessed: November 30, 2024}
}

@misc{cisco_endpoint_security,
  author       = {Cisco},
  title        = {What Is Endpoint Security?},
  howpublished = {\url{https://www.cisco.com/c/en/us/products/security/endpoint-security/index.html}},
  note         = {Accessed: November 30, 2024}
}

@article{ionescu_kernel_access_2024,
  author       = {Alex Ionescu and Milos Petrbok and Martin O’Brien and Johnny Shaw},
  title        = {Tech Analysis: CrowdStrike's Kernel Access and Security Architecture},
  journal      = {CrowdStrike Blog},
  year         = {2024},
  month        = {August},
  day          = {9},
  howpublished = {\url{https://www.crowdstrike.com/en-us/blog/tech-analysis-kernel-access-security-architecture/}},
  note         = {Executive Viewpoint, Accessed: November 30, 2024}
}

@misc{microsoft_ioc,
  author       = {Microsoft},
  title        = {What Are Indicators of Compromise (IOCs)?},
  howpublished = {\url{https://www.microsoft.com/en-us/security/business/security-101/what-are-indicators-of-compromise-ioc}},
  note         = {Accessed: November 30, 2024}
}

@misc{awati_kernel_panic,
  author       = {Rahul Awati},
  title        = {Kernel Panic},
  howpublished = {\url{https://www.techtarget.com/searchdatacenter/definition/kernel-panic}},
  note         = {Accessed: November 30, 2024}
}

@misc{microsoft_kpp_update,
  author       = {Microsoft},
  title        = {Microsoft Security Advisory 932596: Update to Improve Kernel Patch Protection},
  howpublished = {\url{https://learn.microsoft.com/en-us/security-updates/securityadvisories/2007/932596}},
  note         = {Accessed: November 30, 2024}
}

@misc{wikipedia_kpp,
  author       = {Wikipedia contributors},
  title        = {Kernel Patch Protection},
  howpublished = {\url{https://en.wikipedia.org/wiki/Kernel_Patch_Protection}},
  note         = {Accessed: November 30, 2024}
}

@misc{microsoft_kmcs,
  author       = {Microsoft},
  title        = {Kernel-Mode Code Signing Requirements},
  howpublished = {\url{https://learn.microsoft.com/en-us/windows-hardware/drivers/install/kernel-mode-code-signing-requirements--windows-vista-and-later-}},
  year         = {2022},
  month        = {June},
  day          = {7},
  note         = {5 contributors, Accessed: November 30, 2024}
}

@misc{microsoft_obregistercallbacks,
  author       = {Microsoft},
  title        = {ObRegisterCallbacks function (wdm.h)},
  howpublished = {\url{https://learn.microsoft.com/en-us/windows-hardware/drivers/ddi/wdm/nf-wdm-obregistercallbacks}},
  note         = {Accessed: November 30, 2024}
}

@misc{reasonlabs_kernel_hooking,
  author       = {ReasonLabs},
  title        = {What is Kernel-Level Hooking?},
  howpublished = {\url{https://cyberpedia.reasonlabs.com/EN/kernel-level%20hooking.html}},
  note         = {Accessed: November 30, 2024}
}

@misc{baker_rootkits_2023,
  author       = {Kurt Baker},
  title        = {Rootkit Malware},
  howpublished = {\url{https://www.crowdstrike.com/en-us/cybersecurity-101/malware/rootkits/}},
  year         = {2023},
  month        = {November},
  day          = {8},
  note         = {Accessed: November 30, 2024}
}




